[gd_scene load_steps=30 format=2]

[ext_resource path="res://Player.gd" type="Script" id=1]
[ext_resource path="res://Grid.gd" type="Script" id=2]
[ext_resource path="res://10secondscanner.gd" type="Script" id=3]
[ext_resource path="res://Root.gd" type="Script" id=4]
[ext_resource path="res://keyboard_atlas.png" type="Texture" id=5]
[ext_resource path="res://Camera2D.gd" type="Script" id=6]
[ext_resource path="res://ScreenShake.tscn" type="PackedScene" id=7]
[ext_resource path="res://take2.mp3" type="AudioStream" id=8]

[sub_resource type="Environment" id=2]
background_mode = 4
dof_blur_near_distance = 0.71
dof_blur_near_transition = 0.01
dof_blur_near_amount = 1.0
glow_enabled = true
glow_intensity = 0.17
glow_strength = 1.25
glow_bloom = 1.0
glow_blend_mode = 0
glow_high_quality = true

[sub_resource type="DynamicFontData" id=3]
font_path = "res://FutilePro.ttf"

[sub_resource type="DynamicFont" id=4]
size = 160
font_data = SubResource( 3 )

[sub_resource type="DynamicFontData" id=15]
font_path = "res://FutilePro.ttf"

[sub_resource type="DynamicFont" id=16]
size = 160
font_data = SubResource( 15 )

[sub_resource type="Animation" id=17]
resource_name = "ClearBonus"

[sub_resource type="Animation" id=18]
resource_name = "animation"
tracks/0/type = "value"
tracks/0/path = NodePath(".:visible")
tracks/0/interp = 1
tracks/0/loop_wrap = true
tracks/0/imported = false
tracks/0/enabled = true
tracks/0/keys = {
"times": PoolRealArray( 0, 1 ),
"transitions": PoolRealArray( 1, 1 ),
"update": 1,
"values": [ true, false ]
}
tracks/1/type = "value"
tracks/1/path = NodePath(".:modulate")
tracks/1/interp = 1
tracks/1/loop_wrap = true
tracks/1/imported = false
tracks/1/enabled = true
tracks/1/keys = {
"times": PoolRealArray( 0, 0.1, 1 ),
"transitions": PoolRealArray( 1, 1, 1 ),
"update": 0,
"values": [ Color( 1, 1, 1, 0 ), Color( 1, 1, 1, 1 ), Color( 1, 1, 1, 0 ) ]
}
tracks/2/type = "value"
tracks/2/path = NodePath(".:rect_position")
tracks/2/interp = 1
tracks/2/loop_wrap = true
tracks/2/imported = false
tracks/2/enabled = true
tracks/2/keys = {
"times": PoolRealArray( 0, 1 ),
"transitions": PoolRealArray( 1, 1 ),
"update": 0,
"values": [ Vector2( 732, 190 ), Vector2( 732, 150 ) ]
}

[sub_resource type="DynamicFontData" id=9]
font_path = "res://EquipmentPro.ttf"

[sub_resource type="DynamicFont" id=10]
size = 160
font_data = SubResource( 9 )

[sub_resource type="AtlasTexture" id=5]
atlas = ExtResource( 5 )
region = Rect2( 31, 71, 9, 10 )

[sub_resource type="AtlasTexture" id=6]
atlas = ExtResource( 5 )
region = Rect2( 23, 82, 9, 10 )

[sub_resource type="AtlasTexture" id=7]
atlas = ExtResource( 5 )
region = Rect2( 33, 82, 9, 10 )

[sub_resource type="AtlasTexture" id=8]
atlas = ExtResource( 5 )
region = Rect2( 43, 82, 9, 10 )

[sub_resource type="AtlasTexture" id=11]
atlas = ExtResource( 5 )
region = Rect2( 165, 93, 9, 10 )

[sub_resource type="AtlasTexture" id=12]
atlas = ExtResource( 5 )
region = Rect2( 155, 104, 9, 10 )

[sub_resource type="AtlasTexture" id=13]
atlas = ExtResource( 5 )
region = Rect2( 165, 104, 9, 10 )

[sub_resource type="AtlasTexture" id=14]
atlas = ExtResource( 5 )
region = Rect2( 175, 104, 9, 10 )

[sub_resource type="DynamicFontData" id=19]
font_path = "res://FutilePro.ttf"

[sub_resource type="DynamicFont" id=20]
size = 160
font_data = SubResource( 19 )

[sub_resource type="RectangleShape2D" id=1]
extents = Vector2( 7.5, 7.5 )

[sub_resource type="StyleBoxFlat" id=21]
corner_radius_top_left = 8
corner_radius_top_right = 8
corner_radius_bottom_right = 8
corner_radius_bottom_left = 8

[node name="Root" type="Node2D"]
script = ExtResource( 4 )

[node name="AudioStreamPlayer" type="AudioStreamPlayer" parent="."]
stream = ExtResource( 8 )
autoplay = true
mix_target = 2

[node name="Spawnbox" type="CanvasLayer" parent="."]
layer = -1

[node name="ColorRect" type="ColorRect" parent="Spawnbox"]
color = Color( 0.105882, 0.105882, 0.105882, 1 )

[node name="CanvasLayer" type="CanvasLayer" parent="."]
layer = -2

[node name="background" type="ColorRect" parent="CanvasLayer"]
margin_top = -10.0
margin_right = 4000.0
margin_bottom = 3990.0
color = Color( 0, 0, 0, 1 )

[node name="Grid" type="Node2D" parent="."]
script = ExtResource( 2 )

[node name="Scanner" type="Node2D" parent="."]
script = ExtResource( 3 )

[node name="background" type="ColorRect" parent="Scanner"]
margin_top = 85.0
margin_right = 1920.0
margin_bottom = 90.0

[node name="cursor" type="ColorRect" parent="Scanner"]
margin_right = 5.0
margin_bottom = 85.0

[node name="CanvasLayer" type="CanvasLayer" parent="Scanner"]
visible = false

[node name="WorldEnvironment" type="WorldEnvironment" parent="."]
environment = SubResource( 2 )

[node name="Score" type="Label" parent="."]
margin_left = 200.0
margin_top = 159.0
margin_right = 400.0
margin_bottom = 299.0
custom_fonts/font = SubResource( 4 )
text = "00"

[node name="ClearBonus" type="Label" parent="."]
visible = false
modulate = Color( 1, 1, 1, 0 )
margin_left = 732.0
margin_top = 150.0
margin_right = 1202.0
margin_bottom = 433.0
custom_fonts/font = SubResource( 16 )
text = "CLEAR
+10"
align = 1
valign = 1

[node name="AnimationPlayer" type="AnimationPlayer" parent="ClearBonus"]
anims/ClearBonus = SubResource( 17 )
anims/animation = SubResource( 18 )

[node name="Move Controls" type="CanvasLayer" parent="."]
offset = Vector2( 0, -85 )
transform = Transform2D( 1, 0, 0, 1, 0, -85 )

[node name="Move" type="Label" parent="Move Controls"]
margin_left = 155.0
margin_top = 883.0
margin_right = 535.0
margin_bottom = 1043.0
custom_colors/font_color = Color( 0.105882, 0.105882, 0.105882, 1 )
custom_fonts/font = SubResource( 10 )
text = "move"

[node name="WASD" type="Node2D" parent="Move Controls"]
modulate = Color( 0.105882, 0.105882, 0.105882, 1 )
position = Vector2( 300, 745 )
scale = Vector2( 10, 10 )

[node name="W" type="Sprite" parent="Move Controls/WASD"]
position = Vector2( 0, 1 )
texture = SubResource( 5 )

[node name="A" type="Sprite" parent="Move Controls/WASD"]
position = Vector2( -10, 11 )
texture = SubResource( 6 )

[node name="S" type="Sprite" parent="Move Controls/WASD"]
position = Vector2( 0, 11 )
texture = SubResource( 7 )

[node name="D" type="Sprite" parent="Move Controls/WASD"]
position = Vector2( 10, 11 )
texture = SubResource( 8 )

[node name="Shoot Controls" type="CanvasLayer" parent="."]
offset = Vector2( 1320, -85 )
transform = Transform2D( 1, 0, 0, 1, 1320, -85 )

[node name="Shoot" type="Label" parent="Shoot Controls"]
margin_left = 155.0
margin_top = 883.0
margin_right = 535.0
margin_bottom = 1043.0
custom_colors/font_color = Color( 0.105882, 0.105882, 0.105882, 1 )
custom_fonts/font = SubResource( 10 )
text = "shoot"

[node name="Arrows" type="Node2D" parent="Shoot Controls"]
modulate = Color( 0.105882, 0.105882, 0.105882, 1 )
position = Vector2( 300, 745 )
scale = Vector2( 10, 10 )

[node name="Up" type="Sprite" parent="Shoot Controls/Arrows"]
position = Vector2( 0, 1 )
texture = SubResource( 11 )

[node name="Left" type="Sprite" parent="Shoot Controls/Arrows"]
position = Vector2( -10, 11 )
texture = SubResource( 12 )

[node name="Down" type="Sprite" parent="Shoot Controls/Arrows"]
position = Vector2( 0, 11 )
texture = SubResource( 13 )

[node name="Right" type="Sprite" parent="Shoot Controls/Arrows"]
position = Vector2( 10, 11 )
texture = SubResource( 14 )

[node name="Camera2D" type="Camera2D" parent="."]
position = Vector2( 960, 540 )
current = true
script = ExtResource( 6 )

[node name="ScreenShake" parent="Camera2D" instance=ExtResource( 7 )]

[node name="Highscore" type="CanvasLayer" parent="."]

[node name="Label" type="Label" parent="Highscore"]
margin_left = 1377.0
margin_top = 161.0
margin_right = 1867.0
margin_bottom = 587.0
custom_colors/font_color = Color( 0.105882, 0.105882, 0.105882, 1 )
custom_fonts/font = SubResource( 20 )
text = "BEST
234"
align = 1

[node name="Player" type="Node2D" parent="."]
position = Vector2( 1308, 736 )
script = ExtResource( 1 )

[node name="Hitbox" type="Area2D" parent="Player"]

[node name="HitboxRect" type="CollisionShape2D" parent="Player/Hitbox"]
scale = Vector2( 3, 3 )
shape = SubResource( 1 )

[node name="ColorRect3" type="Panel" parent="Player"]
modulate = Color( 0, 1, 0.552941, 1 )
anchor_right = 0.445
margin_left = -23.0
margin_top = -23.0
margin_right = 23.0
margin_bottom = 23.0
custom_styles/panel = SubResource( 21 )

[node name="ColorRect" type="ColorRect" parent="Player"]
visible = false
light_mask = 1048575
margin_left = -23.0
margin_top = -23.0
margin_right = 23.0
margin_bottom = 23.0
color = Color( 0, 1, 0.552941, 1 )

[node name="AmmoIndicator" type="ColorRect" parent="Player"]
visible = false
margin_left = -12.0
margin_top = -12.0
margin_right = 12.0
margin_bottom = 12.0
color = Color( 0, 0, 0, 1 )

[node name="PositionTween" type="Tween" parent="Player"]

[node name="StretchTween" type="Tween" parent="Player"]
